% This file was created with JabRef 2.10b2.
% Encoding: UTF-8


@Book{Coulouris2002,
  Title                    = {Verteilte Systeme - Konzepte und Design},
  Author                   = {Coulouris, G. and Dollimore,  J. and Kindberg, T.},
  Year                     = {2002},
  Edition                  = {3.},
  Number                   = {978-3827370228},

  Owner                    = {prototyp},
  Timestamp                = {2014.10.08}
}

@Book{Edlich2010,
  Title                    = {NoSQL: Einstieg in die Welt nicht relationaler Web 2.0 Datenbanken},
  Author                   = {Edlich and Friedland and Hampe and Brauer and Br√ºckner},
  Publisher                = {Hanser},
  Year                     = {2010},
  Number                   = {978-3446423558},

  Owner                    = {prototyp},
  Timestamp                = {2014.09.05}
}

@Book{Fowler2013,
  Title                    = {NoSQL destilled},
  Author                   = {Fowler, M. and Sadalage P.},
  Publisher                = {Addison-Weasley},
  Year                     = {2013},
  Number                   = {978-0321826626},

  Owner                    = {prototyp},
  Timestamp                = {2014.09.05}
}

@Book{Ottmann2002,
  Title                    = {Algorithmen und Datenstrukturen},
  Author                   = {Ottmann, T. and Widmayer, P.},
  Year                     = {2002},
  Edition                  = {4.},
  Number                   = {978-3827410290},

  Owner                    = {prototyp},
  Timestamp                = {2014.10.11}
}

@Book{Tannenbaum2008,
  Title                    = {Verteilte Systeme: Prinzipien und Paradigmen},
  Author                   = {Tannenbaum, A. and Steen, M.},
  Publisher                = {Pearson Studium},
  Year                     = {2008},
  Edition                  = {2.},
  Number                   = {978-3827372932},

  Owner                    = {prototyp},
  Timestamp                = {2014.10.08}
}

@Misc{Tarreau,
  Title                    = {Elastic Binary Trees - ebtree},

  Author                   = {Willy Tarreau},
  HowPublished             = {\url{http://1wt.eu/articles/ebtree/}},
  Note                     = {Aufgerufen: 26. Juli 2014},

  Owner                    = {prototyp},
  Timestamp                = {2014.07.26}
}

@Misc{akka,
  Title                    = {Akka Actor Toolkit},

  Author                   = {Typesafe},
  HowPublished             = {\url{http://doc.akka.io/docs/akka/2.3.6/scala.html}},
  Note                     = {Aufgerufen:28.08.2014},

  Owner                    = {prototyp},
  Timestamp                = {2014.09.03}
}

