% This file was created with JabRef 2.10b2.
% Encoding: UTF-8


@Book{Schlosser2011,
  Title                    = {Wissenschaftliche Arbeiten schreiben mit LaTeX: Leitfaden für Einsteiger},
  Author                   = {Joachim Schlosser},
  Editor                   = {Schlosser, Joachim},
  Publisher                = {Verlagsgruppe Hüthig-Jehle-Rehm},
  Year                     = {2011},
  Edition                  = {1},
  Month                    = {May},
  Volume                   = {4},

  Owner                    = {prototyp},
  Timestamp                = {2014.07.05}
}

